<record xmlns="http://www.loc.gov/MARC21/slim" xmlns:xsi="http://www.w3.org/2001/XMLSchema-instance" xsi:schemaLocation="http://www.loc.gov/MARC21/slim http://www.loc.gov/standards/marcxml/schema/MARC21slim.xsd"><leader>01564cz   2200253n  4500</leader><controlfield tag="001">oca01945183 </controlfield><controlfield tag="005">19950811081030.9</controlfield><controlfield tag="008">870921n| acannaab|          |a aaa |||  </controlfield><datafield ind1=" " ind2=" " tag="010"><subfield code="a">n  86026019 </subfield></datafield><datafield ind1=" " ind2=" " tag="040"><subfield code="a">DLC</subfield><subfield code="c">DLC</subfield><subfield code="d">DLC</subfield></datafield><datafield ind1="0" ind2=" " tag="100"><subfield code="a">Gherardo,</subfield><subfield code="c">da Cremona,</subfield><subfield code="d">1113 or 14-1187</subfield></datafield><datafield ind1="0" ind2=" " tag="400"><subfield code="a">Gerardus Cremonensis,</subfield><subfield code="d">1113 or 14-1187</subfield><subfield code="w">nna</subfield></datafield><datafield ind1="0" ind2=" " tag="400"><subfield code="a">Gérard,</subfield><subfield code="c">de Crémone,</subfield><subfield code="d">1113 or 14-1187</subfield></datafield><datafield ind1="0" ind2=" " tag="400"><subfield code="a">Gerard,</subfield><subfield code="c">of Cremona,</subfield><subfield code="d">1113 or 14-1187</subfield></datafield><datafield ind1="0" ind2=" " tag="400"><subfield code="a">Gerardo,</subfield><subfield code="c">da Cremona,</subfield><subfield code="d">1113 or 14-1187</subfield></datafield><datafield ind1=" " ind2=" " tag="670"><subfield code="a">Sacro Bosco, J. de. Iohannis de Sacrobusto, Anglici, uiri clarissimi, Spera mundi, 1478</subfield><subfield code="b">(name not given)</subfield></datafield><datafield ind1=" " ind2=" " tag="670"><subfield code="a">BLC</subfield><subfield code="b">(Gerardus, Cremonensis, the elder; confuses his works with those of the younger)</subfield></datafield><datafield ind1=" " ind2=" " tag="670"><subfield code="a">BN</subfield><subfield code="b">(Gérard de Crémone, l'aîné)</subfield></datafield><datafield ind1=" " ind2=" " tag="670"><subfield code="a">NUC pre-1956</subfield><subfield code="b">(Gerardus Cremonensis, 1113 or 14-1187)</subfield></datafield><datafield ind1=" " ind2=" " tag="670"><subfield code="a">LC data base, 8-27-87</subfield><subfield code="b">(hdg.: Gerardus, Cremonensis, 1113 or 14-1187)</subfield></datafield><datafield ind1=" " ind2=" " tag="670"><subfield code="a">Encic. italiana</subfield><subfield code="b">(Gherardo da Cremona; famous translator of Arabic works into Latin; b. Cremona; studied philosophy and science there; moved to Toledo; finished translation of Ptolemy's Almagest in 1175; lists his works and states he is not the author of Theorica planetarum, which is by a 13th cent. person of that name [Gherardo, da Sabbionetta, 13th cent.]; d. in 1187 at age of 73)</subfield></datafield><datafield ind1=" " ind2=" " tag="670"><subfield code="a">Tiraboschi:</subfield><subfield code="b">index (Gherardo, detto da Cremona)</subfield></datafield><datafield ind1=" " ind2=" " tag="670"><subfield code="a">DSB</subfield><subfield code="b">(Gerard of Cremona; b. Cremona, Italy, 1114?; d. Toledo, Spain, 1187)</subfield></datafield><datafield ind1=" " ind2=" " tag="670"><subfield code="a">Gerardo da Cremona, 1992:</subfield><subfield code="b">p. 3 (b. 1114, Cremona; d. 1187, probably in Toledo)</subfield></datafield></record>